@book{pennell_qdos,
author = {Pennell, Andrew},
title = {The Sinclair QDOS Companion},
publisher = {Fred Bloggs}
year = {1984},
}

@book{dickens_qdos,
author = {Dickens, Adrian},
title = {The Advanced QL User Guide},
year = {1984},
}
